@book{kurssikirja,
  author    = {Chabay, Ruth W.,},
  author    = {Sherwood, Bruce A.,},
  title     = {Matter \& interactions},
  isbn      = {978-0-470-50347-8 (koko teos, sid.)},
  address   = {Hoboken, NJ},
  publisher = {Wiley},
  year      = {2011.},
  note      = {Sisältää hakemiston.},
  annote    = {Keywords: Physics},
  annote    = {Keywords: Mechanics},
  annote    = {Keywords: fysiikka - oppikirjat},
  bibdate   = {20130906071754}
}
@book{MAOL ,
  author    = {Seppänen, Raimo.},
  author    = {Kervinen, Martti.},
  author    = {Parkkila, Irma.},
  author    = {Karkela, Lea.},
  author    = {Meriläinen, Pekka.},
  title     = {MAOL-taulukot : : matematiikka, fysiikka, kemia},
  isbn      = {978-951-1-20607-1 (nid.)},
  address   = {Helsingissä},
  publisher = {Otava,},
  year      = {2005.},
  note      = {Lisäpainokset: 2.-3. p. 2006. - 4.-5. p. 2007. - 2.-9. p. 2011.},
  annote    = {Keywords: oppikirjat - matematiikka},
  annote    = {Keywords: oppikirjat - fysiikka},
  annote    = {Keywords: oppikirjat - kemia},
  bibdate   = {20120725091528}
}
@misc{wiki:propagationOfError,
   author = "Wikipedia",
   title = "Propagation of uncertainty --- {W}ikipedia{,} The Free Encyclopedia",
   year = "2014",
   url = "http://en.wikipedia.org/wiki/Propagation_of_uncertainty",
   note = "[Online; luettu 19.2.2014]"
 }
@misc{GeoFys,
   title = "Kumpulan geofysikaalinen piste",
   note = "Tietolaatta Physicumin aulassa"
 }
@book{fysiikanopas, 
 author = {Lehto, Heikki.}, 
 author = {Luoma, Tapani.},
 title = {Fysiikka. : fysiikan opas /},
 isbn = {951-26-4102-X (irtolehtiä)}, 
 address = { Helsinki}, 
 publisher = {Kirjayhtymä}, 
 year = { 1996 }, 
 bibdate = {20120403032503}
}
@book{fy7,
 author = {Lehto, Heikki.},
 author = {Havukainen, Raimo.},
 author = {Maalampi, Jukka.},
 author = {Leskinen, Janna.},
 title = {Fysiikka.},
 isbn = {978-951-31-5726-5 (nid.)},
 address = {Helsinki :},
 publisher = {Tammi,},
 year = {2011.},
 note = {Kurssi: FY7.},
 annote = {Keywords: oppikirjat - fysiikka},
 annote = {Keywords: läroböcker - fysik},
 bibdate = {20120403172154}
}
@ONLINE{CD-lahde,
author = {MVnet},
title = {DVD- ja CD -levyjen erot ja rakenne},
month = Tammikuu,
year = {2007},
url = {http://www.mvnet.fi/?osio=Tietokoneet&sivu=DVD-levyjen_valmistus#erot/}
}